@misc{sadique2021analysis,
      title={Analysis of Attacker Behavior in Compromised Hosts During Command and Control}, 
      author={Farhan Sadique and Shamik Sengupta},
      year={2021},
      eprint={2106.04720},
      archivePrefix={arXiv},
      primaryClass={cs.CR}
}
